@inproceedings{byrd2019unified,
  title={A Unified Approach to Solving Seven ProgrammingProblems (Functional Pearl)},
  author={Byrd, William E. and Ballantyne, Usamichael and Rosenblatt, Usagregory and Might, Matthew},
  booktitle={Relational Programming Workshop},
  year={2017}
}

@inproceedings{lozov2019relational,
  title={Relational Interpreters for Search Problems},
  author={Lozov, Petr and Verbitskaia, Ekaterina and Boulytchev, Dmitry},
  booktitle={Relational Programming Workshop},
  pages={43},
  year={2019}
}

@book{jones1993partial,
  title={Partial evaluation and automatic program generation},
  author={Jones, Neil D and Gomard, Carsten K and Sestoft, Peter},
  year={1993},
  publisher={Peter Sestoft}
}

@inproceedings{rozplokhas2019certified,
  title={Certified Semantics for miniKanren},
  author={Rozplokhas, Dmitry and Vyatkin, Andrey and Boulytchev, Dmitry},
  booktitle={and Relational Programming Workshop},
  pages={80},
  year={2019}
}

@incollection{vanhoof2004binding,
  title={Binding-time analysis for Mercury},
  author={Vanhoof, Wim and Bruynooghe, Maurice and Leuschel, Michael},
  booktitle={Program Development in Computational Logic},
  pages={189--232},
  year={2004},
  publisher={Springer}
}

@inproceedings{kam1977monotone,
  title={Monotone Data Flow Analysis Frameworks},
  author={Kam, John B. and Ullman, Jeffrey D.},
  booktitle={Acta Informatica},
  pages={305--317},
  year={1977},
  publisher={Springer}
}

